@misc{about-incedo,
  author   = {Incdeo Services GmbH},
  title    = {About Incedo},
  note     = {\url{https://incedo.de/}},
  keywords = {incedo,gmbh,host},
  year     = 2022
}

@misc{Blauarbeit,
  author   = {Blauarbeit},
  title    = {About Blauarbeit},
  note     = {\url{https://www.blauarbeit.de/}},
  keywords = {blauarbeit, services, platform},
  year     = 2023
}


@misc{Aermax,
  author   = {Aermax},
  title    = {About Aermax},
  note     = {\url{https://aermax.de/}},
  keywords = {aermax, industrial alpinism, rope access},
  year     = 2023
}

@misc{MyHammer,
  author   = {MyHammer},
  title    = {About MyHammer},
  note     = {\url{https://www.my-hammer.de/}},
  keywords = {myhammer, services, platform},
  year     = 2023
}


@misc{latex-project,
  author   = {The LaTeX Group},
  title    = {The official website},
  note     = {\url{https://www.latex-project.org/}},
  keywords = {latex,typesetting,writing},
  year     = 2024
}


@misc{Kubernetes,
  author   = {Kubernetes Authors},
  title    = {Kubernetes: Production-Grade Container Orchestration},
  note     = {\url{https://kubernetes.io/}},
  keywords = {Kubernetes, container orchestration, DevOps},
  year     = 2023
}

@misc{SpringBoot,
  author   = {Pivotal Software, Inc.},
  title    = {Spring Boot: Framework for Building Production-Ready Applications},
  note     = {\url{https://spring.io/projects/spring-boot}},
  keywords = {Spring Boot, Java, framework, microservices},
  year     = 2024
}


@misc{ReactJS,
  author   = {Facebook, Inc.},
  title    = {React: A JavaScript library for building user interfaces},
  note     = {\url{https://reactjs.org/}},
  keywords = {ReactJS, JavaScript, frontend, library},
  year     = 2024
}


@misc{Keycloak,
  author   = {Red Hat, Inc.},
  title    = {Keycloak: Open Source Identity and Access Management},
  note     = {\url{https://www.keycloak.org/}},
  keywords = {Keycloak, identity management, access management, authentication, SSO},
  year     = 2024
}


@misc{Python,
  author   = {Python Software Foundation},
  title    = {Python: A powerful programming language for various applications},
  note     = {\url{https://www.python.org/}},
  keywords = {Python, programming language, software development},
  year     = 2024
}


@misc{NestJS,
  author   = {Kamil My≈õliwiec and NestJS Contributors},
  title    = {NestJS: A progressive Node.js framework for building efficient, reliable, and scalable server-side applications},
  note     = {\url{https://nestjs.com/}},
  keywords = {NestJS, Node.js, framework, server-side},
  year     = 2024
}

@misc{ReactQuery,
  author   = {Tanner Linsley and Nozzle.io},
  title    = {React Query: Performant and powerful data synchronization for React},
  note     = {\url{https://react-query.tanstack.com/}},
  keywords = {React Query, data fetching, state management, React},
  year     = 2024
}

@misc{Langchain,
  author   = {Langchain Authors},
  title    = {Langchain: Framework for Building Applications with Large Language Models},
  note     = {\url{https://www.langchain.com/}},
  keywords = {Langchain, large language models, AI, framework},
  year     = 2023
}
